@inproceedings{Johnson:2013:ASG:2999611.2999647,
 author = {Johnson, Rie and Zhang, Tong},
 title = {Accelerating Stochastic Gradient Descent Using Predictive Variance Reduction},
 booktitle = {Proceedings of the 26th International Conference on Neural Information Processing Systems - Volume 1},
 series = {NIPS'13},
 year = {2013},
 location = {Lake Tahoe, Nevada},
 pages = {315--323},
 numpages = {9},
 url = {http://dl.acm.org/citation.cfm?id=2999611.2999647},
 acmid = {2999647},
 publisher = {Curran Associates Inc.},
 address = {USA},
} 


@incollection{NIPS2011_4390,
title = {Hogwild: A Lock-Free Approach to Parallelizing Stochastic Gradient Descent},
author = {Recht, Benjamin and Re, Christopher and Wright, Stephen and Feng Niu},
booktitle = {Advances in Neural Information Processing Systems 24},
editor = {J. Shawe-Taylor and R. S. Zemel and P. L. Bartlett and F. Pereira and K. Q. Weinberger},
pages = {693--701},
year = {2011},
publisher = {Curran Associates, Inc.},
url = {http://papers.nips.cc/paper/4390-hogwild-a-lock-free-approach-to-parallelizing-stochastic-gradient-descent.pdf}
}



@InProceedings{pmlr-v70-wang17n,
  title = 	 {A Unified Variance Reduction-Based Framework for Nonconvex Low-Rank Matrix Recovery},
  author = 	 {Lingxiao Wang and Xiao Zhang and Quanquan Gu},
  booktitle = 	 {Proceedings of the 34th International Conference on Machine Learning},
  pages = 	 {3712--3721},
  year = 	 {2017},
  editor = 	 {Doina Precup and Yee Whye Teh},
  volume = 	 {70},
  series = 	 {Proceedings of Machine Learning Research},
  address = 	 {International Convention Centre, Sydney, Australia},
  month = 	 {06--11 Aug},
  publisher = 	 {PMLR},
  pdf = 	 {http://proceedings.mlr.press/v70/wang17n/wang17n.pdf},
  url = 	 {http://proceedings.mlr.press/v70/wang17n.html},
}

@inproceedings{Gupta:2015:DLL:3045118.3045303,
 author = {Gupta, Suyog and Agrawal, Ankur and Gopalakrishnan, Kailash and Narayanan, Pritish},
 title = {Deep Learning with Limited Numerical Precision},
 booktitle = {Proceedings of the 32Nd International Conference on International Conference on Machine Learning - Volume 37},
 series = {ICML'15},
 year = {2015},
 location = {Lille, France},
 pages = {1737--1746},
 numpages = {10},
 url = {http://dl.acm.org/citation.cfm?id=3045118.3045303},
 acmid = {3045303},
 publisher = {JMLR.org},
} 


@unpublished{halp,
author={C. De Sa},
title={High Accuracy SGD with Low Precision Arithmetic UsingVariance Reduction},
year={2017},
}

